<?xml version="1.0" encoding="UTF-8"?><record xmlns="http://www.loc.gov/MARC21/slim" xmlns:cinclude="http://apache.org/cocoon/include/1.0" xmlns:zs="http://www.loc.gov/zing/srw/">
  <leader>00378nz  a2200133n  4500</leader>
  <controlfield tag="001">nb2002047420</controlfield>
  <controlfield tag="003">DLC</controlfield>
  <controlfield tag="005">20020527184156.0</controlfield>
  <controlfield tag="008">020524n| acannaabn          |n aaa      </controlfield>
  <datafield tag="010" ind1=" " ind2=" ">
    <subfield code="a">nb2002047420</subfield>
  </datafield>
  <datafield tag="040" ind1=" " ind2=" ">
    <subfield code="a">Uk</subfield>
    <subfield code="b">eng</subfield>
    <subfield code="c">Uk</subfield>
  </datafield>
  <datafield tag="100" ind1="1" ind2="0">
    <subfield code="a">Sahi, Sita,</subfield>
    <subfield code="d">1937-</subfield>
  </datafield>
  <datafield tag="670" ind1=" " ind2=" ">
    <subfield code="a">Shraddhanjali, c2001:</subfield>
    <subfield code="b">t.p. (Sita Sahi)</subfield>
  </datafield>
  <datafield tag="670" ind1=" " ind2=" ">
    <subfield code="a">DK Agency card catalogue, 24 May 2002</subfield>
    <subfield code="b">(hdg.: Sahi, Sita, 1937-)</subfield>
  </datafield>
</record>